%%%%%%%%%%%%%%%%%%%%%%%%%%%%%%%%%%%%%%%%%%

@article{calder1994quantifying,
	title={Quantifying behavioral differences between C and C++ programs},
	author={Calder, Brad and Grunwald, Dirk and Zorn, Benjamin},
	journal={Journal of Programming languages},
	volume={2},
	number={4},
	pages={313--351},
	year={1994},
	publisher={Citeseer}
}

@article{suganuma2000overview,
	title={Overview of the IBM Java just-in-time compiler},
	author={Suganuma, Toshio and Ogasawara, Takeshi and Takeuchi, Mikio and Yasue, Toshiaki and Kawahito, Motohiro and Ishizaki, Kazuaki and Komatsu, Hideaki and Nakatani, Toshio},
	journal={IBM systems Journal},
	volume={39},
	number={1},
	pages={175--193},
	year={2000},
	publisher={IBM}
}

@inproceedings{bauer2021novt,
	title={Novt: Eliminating C++ virtual calls to mitigate vtable hijacking},
	author={Bauer, Markus and Rossow, Christian},
	booktitle={2021 IEEE European Symposium on Security and Privacy (EuroS\&P)},
	pages={650--666},
	year={2021},
	organization={IEEE}
}

@techreport{shah1995function,
	title={Function Pointers in C-An Empirical Study},
	author={Shah, Anand and Ryder, Barbara G},
	year={1995},
	institution={Rutgers University}
}

@techreport{mcfarling1993combining,
	title={Combining branch predictors},
	author={McFarling, Scott},
	year={1993},
	institution={Citeseer}
}

@article{mittal2019survey,
	title={A survey of techniques for dynamic branch prediction},
	author={Mittal, Sparsh},
	journal={Concurrency and Computation: Practice and Experience},
	volume={31},
	number={1},
	pages={e4666},
	year={2019},
	publisher={Wiley Online Library}
}

@article{driesen1998accurate,
	title={Accurate indirect branch prediction},
	author={Driesen, Karel and H{\"o}lzle, Urs},
	journal={ACM SIGARCH Computer Architecture News},
	volume={26},
	number={3},
	pages={167--178},
	year={1998},
	publisher={ACM New York, NY, USA}
}

@inproceedings{baev2015profile,
	title={Profile-based indirect call promotion},
	author={Baev, Ivan and Center, Qualcomm Innovation},
	booktitle={LLVM Developers Meeting, Oct},
	year={2015}
}

@inproceedings{ishizaki2000study,
	title={A study of devirtualization techniques for a Java Just-In-Time compiler},
	author={Ishizaki, Kazuaki and Kawahito, Motohiro and Yasue, Toshiaki and Komatsu, Hideaki and Nakatani, Toshio},
	booktitle={Proceedings of the 15th ACM SIGPLAN conference on Object-oriented programming, systems, languages, and applications},
	pages={294--310},
	year={2000}
}

@article{park2019microarchitecture,
	title={Microarchitecture-aware code generation for deep learning on single-isa heterogeneous multi-core mobile processors},
	author={Park, Junmo and Kwon, Yongin and Park, Yongjun and Jeon, Dongsuk},
	journal={IEEE Access},
	volume={7},
	pages={52371--52378},
	year={2019},
	publisher={IEEE}
}

@article{harrison1977compiler,
	title={Compiler analysis of the value ranges for variables},
	author={Harrison, William H.},
	journal={IEEE Transactions on software engineering},
	number={3},
	pages={243--250},
	year={1977},
	publisher={IEEE}
}

@book{simon2008value,
	title={Value-Range analysis of c programs: Towards proving the absence of buffer overflow vulnerabilities},
	author={Simon, Axel},
	year={2008},
	publisher={Springer}
}

@book{cukic2018functional,
	title={Functional programming in C++},
	author={Cukic, Ivan},
	year={2018},
	publisher={Simon and Schuster}
}

@article{blindell2016instruction,
	title={Instruction Selection},
	author={Blindell, G Hjort},
	journal={Principles, Methods, and Applications},
	year={2016},
	publisher={Springer}
}

@book{shen2013modern,
	title={Modern processor design: fundamentals of superscalar processors},
	author={Shen, John Paul and Lipasti, Mikko H},
	year={2013},
	publisher={Waveland Press}
}

 
@article{redmond2007vpc,
	title={VPC Prediction: Reducing the Cost of Indirect Branches via Hardware-Based Dynamic Devirtualization},
	author={Redmond, WA and Hudson, MA},
	year={2007},
	publisher={Citeseer}
}

@article{cravvford1988study,
	title={A study of JIT implementation and operating problems},
	author={CRAVVFORD, KARLENE M and Blackstone Jr, John H and Cox, James F},
	journal={The International Journal Of Production Research},
	volume={26},
	number={9},
	pages={1561--1568},
	year={1988},
	publisher={Taylor \& Francis}
}

@inproceedings{namolaru2006devirtualization,
	title={Devirtualization in GCC}, 
	author={Namolaru, Mircea},
	booktitle={Proceedings of the GCC Developers’ Summit},
	pages={125--133},
	year={2006},
	organization={Citeseer}
}

@inproceedings{padlewski2017devirtualization,
	title={Devirtualization in LLVM},
	author={Padlewski, Piotr},
	booktitle={Proceedings Companion of the 2017 ACM SIGPLAN International Conference on Systems, Programming, Languages, and Applications: Software for Humanity},
	pages={42--44},
	year={2017}
}

@inproceedings{li2010lightweight,
	title={Lightweight feedback-directed cross-module optimization},
	author={Li, David Xinliang and Ashok, Raksit and Hundt, Robert},
	booktitle={Proceedings of the 8th annual IEEE/ACM international symposium on Code generation and optimization},
	pages={53--61},
	year={2010}
}

@inproceedings{pande1996data,
	title={Data-flow-based virtual function resolution},
	author={Pande, Hemant D and Ryder, Barbara G},
	booktitle={International Static Analysis Symposium},
	pages={238--254},
	year={1996},
	organization={Springer}
}

@book{hennessy2011computer,
	title={Computer architecture: a quantitative approach},
	author={Hennessy, John L and Patterson, David A},
	year={2011},
	publisher={Elsevier}
}
@inproceedings{panda2018wait,
	title={Wait of a decade: Did spec cpu 2017 broaden the performance horizon?},
	author={Panda, Reena and Song, Shuang and Dean, Joseph and John, Lizy K},
	booktitle={2018 IEEE International Symposium on High Performance Computer Architecture (HPCA)},
	pages={271--282},
	year={2018},
	organization={IEEE}
}

@article{lu2023cpubench,
	title={CPUBench: An open general computing CPU performance benchmark tool},
	author={LU, Haitao and REN, Xiang and ZHONG, Weijun and ZHAO, Xin and YIN, Hang},
	journal={Microelectronics \& Computer},
	volume={40},
	number={5},
	pages={75--83},
	year={2023}
}

@inproceedings{bucek2018spec,
	title={SPEC CPU2017: Next-generation compute benchmark},
	author={Bucek, James and Lange, Klaus-Dieter and v. Kistowski, J{\'o}akim},
	booktitle={Companion of the 2018 ACM/SPEC International Conference on Performance Engineering},
	pages={41--42},
	year={2018}
} 

@article{alvares2021instruction,
	title={Instruction visibility in SPEC CPU2017},
	author={{\'A}lvares, Andrei Rimsa and Amaral, Jos{\'e} Nelson and Pereira, Fernando Magno Quint{\~a}o},
	journal={Journal of Computer Languages},
	volume={66},
	pages={101062},
	year={2021},
	publisher={Elsevier}
}

@inproceedings{schmitt2020performance,
	title={Performance, power, and energy-efficiency impact analysis of compiler optimizations on the spec cpu 2017 benchmark suite},
	author={Schmitt, Norbert and Bucek, James and Beckett, John and Cragin, Aaron and Lange, Klaus-Dieter and Kounev, Samuel},
	booktitle={2020 IEEE/ACM 13th International Conference on Utility and Cloud Computing (UCC)},
	pages={292--301},
	year={2020},
	organization={IEEE}
}

@incollection{rodriguez2021compiler,
	title={Compiler Optimizations},
	author={Rodriguez, Andres},
	booktitle={Deep Learning Systems: Algorithms, Compilers, and Processors for Large-Scale Production},
	pages={159--176},
	year={2021},
	publisher={Springer}
}

@article{melnik2010case,
	title={A case study: optimizing GCC on ARM for performance of libevas rasterization library},
	author={Melnik, Dmitry and Belevantsev, Andrey and Plotnikov, Dmitry and Lee, Semun},
	journal={Proceedings of GROW},
	year={2010}
}

article{akoguz2016comparison,
	title={Comparison of open source compression algorithms on VHR remote sensing images for efficient storage hierarchy},
	author={Akoguz, Alper and Bozkurt, SADIK and Gozutok, AA and Alp, GULSAH and Turan, EG and Bogaz, MUSTAFA and Kent, Sedef},
	journal={The International Archives of the Photogrammetry, Remote Sensing and Spatial Information Sciences},
	volume={41},
	pages={3--9},
	year={2016},
	publisher={Copernicus GmbH}
}

@article{leutenegger1993modeling,
	title={A modeling study of the TPC-C benchmark},
	author={Leutenegger, Scott T and Dias, Daniel},
	journal={ACM Sigmod Record},
	volume={22},
	number={2},
	pages={22--31},
	year={1993},
	publisher={ACM New York, NY, USA}
}
@article{python2021python,
	title={Python},
	author={Python, Why},
	journal={Python releases for windows},
	volume={24},
	year={2021},
	publisher={Citeseer}
}

article{keiser2023demand,
	title={On-demand JSON: A better way to parse documents?},
	author={Keiser, John and Lemire, Daniel},
	journal={Software: Practice and Experience},
	year={2023},
	publisher={Wiley Online Library}
}

@article{rescorla2001introduction,
	title={An Introduction to OpenSSL Programming (Par t I)},
	author={Rescorla, Eric},
	journal={Linux J},
	volume={2001},
	number={89},
	pages={3},
	year={2001}
}

@article{zerbino2008velvet,
	title={Velvet: algorithms for de novo short read assembly using de Bruijn graphs},
	author={Zerbino, Daniel R and Birney, Ewan},
	journal={Genome research},
	volume={18},
	number={5},
	pages={821--829},
	year={2008},
	publisher={Cold Spring Harbor Lab}
}

@article{barata2015overview,
	title={An overview of decision support benchmarks: TPC-DS, TPC-H and SSB},
	author={Barata, Melyssa and Bernardino, Jorge and Furtado, Pedro},
	journal={New Contributions in Information Systems and Technologies: Volume 1},
	pages={619--628},
	year={2015},
	publisher={Springer}
}

@inproceedings{zhang2009hardware,
	title={Hardware Execution Throttling for Multi-core Resource Management.},
	author={Zhang, Xiao and Dwarkadas, Sandhya and Shen, Kai},
	booktitle={USENIX Annual Technical Conference},
	year={2009}
}

@inproceedings{gras2017aslr,
	title={ASLR on the Line: Practical Cache Attacks on the MMU.},
	author={Gras, Ben and Razavi, Kaveh and Bosman, Erik and Bos, Herbert and Giuffrida, Cristiano},
	booktitle={NDSS},
	volume={17},
	pages={26},
	year={2017}
}

@article{plotnikov2013automatic,
	title={Automatic tuning of compiler optimizations and analysis of their impact},
	author={Plotnikov, Dmitry and Melnik, Dmitry and Vardanyan, Mamikon and Buchatskiy, Ruben and Zhuykov, Roman and Lee, Je-Hyung},
	journal={Procedia Computer Science},
	volume={18},
	pages={1312--1321},
	year={2013},
	publisher={Elsevier}
}


@article{ashouri2018survey,
	title={A survey on compiler autotuning using machine learning},
	author={Ashouri, Amir H and Killian, William and Cavazos, John and Palermo, Gianluca and Silvano, Cristina},
	journal={ACM Computing Surveys (CSUR)},
	volume={51},
	number={5},
	pages={1--42},
	year={2018},
	publisher={ACM New York, NY, USA}
}

@inproceedings{cereda2020collaborative,
	title={A collaborative filtering approach for the automatic tuning of compiler optimisations},
	author={Cereda, Stefano and Palermo, Gianluca and Cremonesi, Paolo and Doni, Stefano},
	booktitle={The 21st ACM SIGPLAN/SIGBED Conference on Languages, Compilers, and Tools for Embedded Systems},
	pages={15--25},
	year={2020}
}

@article{xia2021kunpeng,
	title={Kunpeng 920: The first 7-nm chiplet-based 64-core arm soc for cloud services},
	author={Xia, Jing and Cheng, Chuanning and Zhou, Xiping and Hu, Yuxing and Chun, Peter},
	journal={IEEE Micro},
	volume={41},
	number={5},
	pages={67--75},
	year={2021},
	publisher={IEEE}
}

@inproceedings{afanasyev2021evaluating,
	title={Evaluating the performance of Kunpeng 920 processors on modern HPC applications},
	author={Afanasyev, Ilya and Lichmanov, Dmitry},
	booktitle={International Conference on Parallel Computing Technologies},
	pages={301--321},
	year={2021},
	organization={Springer}
}

@article{tan2023uncovering,
	title={Uncovering the performance bottleneck of modern HPC processor with static code analyzer: a case study on Kunpeng 920},
	author={Tan, Shaojie and Jiang, Qingcai and Cao, Zhenwei and Hao, Xiaoyu and Chen, Junshi and An, Hong},
	journal={CCF Transactions on High Performance Computing},
	pages={1--22},
	year={2023},
	publisher={Springer}
}

@incollection{bruel2021if,
	title={If-Conversion},
	author={Bruel, Christian},
	booktitle={SSA-based Compiler Design},
	pages={269--283},
	year={2021},
	publisher={Springer}
}

@inproceedings{bansal2021reduced,
	title={Reduced Instruction Set Computer (RISC): A Survey},
	author={Bansal, Malti and others},
	booktitle={Journal of Physics: Conference Series},
	volume={1916},
	number={1},
	pages={012040},
	year={2021},
	organization={IOP Publishing}
}

@inproceedings{isen2009tale,
	title={A tale of two processors: Revisiting the RISC-CISC debate},
	author={Isen, Ciji and John, Lizy K and John, Eugene},
	booktitle={Computer Performance Evaluation and Benchmarking: SPEC Benchmark Workshop 2009, Austin, TX, USA, January 25, 2009. Proceedings},
	pages={57--76},
	year={2009},
	organization={Springer}
}

@article{chen2020survey,
	title={A survey of accelerator architectures for deep neural networks},
	author={Chen, Yiran and Xie, Yuan and Song, Linghao and Chen, Fan and Tang, Tianqi},
	journal={Engineering},
	volume={6},
	number={3},
	pages={264--274},
	year={2020},
	publisher={Elsevier}
}

@article{weber2010comparing,
	title={Comparing hardware accelerators in scientific applications: A case study},
	author={Weber, Rick and Gothandaraman, Akila and Hinde, Robert J and Peterson, Gregory D},
	journal={IEEE Transactions on Parallel and Distributed Systems},
	volume={22},
	number={1},
	pages={58--68},
	year={2010},
	publisher={IEEE}
}

@inproceedings{rahman2020graphpulse,
	title={Graphpulse: An event-driven hardware accelerator for asynchronous graph processing},
	author={Rahman, Shafiur and Abu-Ghazaleh, Nael and Gupta, Rajiv},
	booktitle={2020 53rd Annual IEEE/ACM International Symposium on Microarchitecture (MICRO)},
	pages={908--921},
	year={2020},
	organization={IEEE}
}

@article{peccerillo2022survey,
	title={A survey on hardware accelerators: Taxonomy, trends, challenges, and perspectives},
	author={Peccerillo, Biagio and Mannino, Mirco and Mondelli, Andrea and Bartolini, Sandro},
	journal={Journal of Systems Architecture},
	volume={129},
	pages={102561},
	year={2022},
	publisher={Elsevier}
}

@article{tavarageri2019automatic,
	title={Automatic Model Parallelism for Deep Neural Networks with Compiler and Hardware Support},
	author={Tavarageri, Sanket and Sridharan, Srinivas and Kaul, Bharat},
	journal={arXiv preprint arXiv:1906.08168},
	year={2019}
}

@inproceedings{chen2022case,
	title={Case: A compiler-assisted scheduling framework for multi-gpu systems},
	author={Chen, Chao and Porter, Chris and Pande, Santosh},
	booktitle={Proceedings of the 27th ACM SIGPLAN Symposium on Principles and Practice of Parallel Programming},
	pages={17--31},
	year={2022}
}

@inproceedings{kovac2022towards,
	title={Towards intelligent compiler optimization},
	author={Kovac, Mihael and Brcic, Mario and Krajna, Agneza and Krleza, Dalibor},
	booktitle={2022 45th Jubilee International Convention on Information, Communication and Electronic Technology (MIPRO)},
	pages={948--953},
	year={2022},
	organization={IEEE}
}

@inproceedings{bacon1996fast,
	title={Fast static analysis of C++ virtual function calls},
	author={Bacon, David F and Sweeney, Peter F},
	booktitle={Proceedings of the 11th ACM SIGPLAN conference on Object-oriented programming, systems, languages, and applications},
	pages={324--341},
	year={1996}
}

@inproceedings{lu2019does,
	title={Where does it go? refining indirect-call targets with multi-layer type analysis},
	author={Lu, Kangjie and Hu, Hong},
	booktitle={Proceedings of the 2019 ACM SIGSAC Conference on Computer and Communications Security},
	pages={1867--1881},
	year={2019}
}

@article{pearce2007efficient,
	title={Efficient field-sensitive pointer analysis of C},
	author={Pearce, David J and Kelly, Paul HJ and Hankin, Chris},
	journal={ACM Transactions on Programming Languages and Systems (TOPLAS)},
	volume={30},
	number={1},
	pages={4--es},
	year={2007},
	publisher={ACM New York, NY, USA}
}

@article{park2019microarchitecture,
	title={Microarchitecture-aware code generation for deep learning on single-isa heterogeneous multi-core mobile processors},
	author={Park, Junmo and Kwon, Yongin and Park, Yongjun and Jeon, Dongsuk},
	journal={IEEE Access},
	volume={7},
	pages={52371--52378},
	year={2019},
	publisher={IEEE}
}

@book{shen2013modern,
	title={Modern processor design: fundamentals of superscalar processors},
	author={Shen, John Paul and Lipasti, Mikko H},
	year={2013},
	publisher={Waveland Press}
}

@inproceedings{nuzman2006autovectorization,
	title={Autovectorization in GCC--two years later},
	author={Nuzman, Dorit and Zaks, Ayal},
	booktitle={Proceedings of the 2006 GCC Developers Summit},
	volume={6},
	year={2006}
}

@article{harrison1977compiler,
	title={Compiler analysis of the value ranges for variables},
	author={Harrison, William H.},
	journal={IEEE Transactions on software engineering},
	number={3},
	pages={243--250},
	year={1977},
	publisher={IEEE}
}

@book{simon2008value,
	title={Value-Range analysis of c programs: Towards proving the absence of buffer overflow vulnerabilities},
	author={Simon, Axel},
	year={2008},
	publisher={Springer}
}

@inproceedings{chen2021efficient,
	title={Efficient compiler autotuning via bayesian optimization},
	author={Chen, Junjie and Xu, Ningxin and Chen, Peiqi and Zhang, Hongyu},
	booktitle={2021 IEEE/ACM 43rd International Conference on Software Engineering (ICSE)},
	pages={1198--1209},
	year={2021},
	organization={IEEE}
}

@inproceedings{kovac2022towards,
	title={Towards intelligent compiler optimization},
	author={Kovac, Mihael and Brcic, Mario and Krajna, Agneza and Krleza, Dalibor},
	booktitle={2022 45th Jubilee International Convention on Information, Communication and Electronic Technology (MIPRO)},
	pages={948--953},
	year={2022},
	organization={IEEE}
}

@inproceedings{li2010lightweight,
	title={Lightweight feedback-directed cross-module optimization},
	author={Xinliang David Li and Raksit Ashok and Robert Hundt},
	year={2010},
	booktitle={Proceedings of 8th annual IEEE/ACM International Symposium on Code Generation and Optimization (CGO)},
	pages={53--61},
	organization={IEEE}
}


@inproceedings{bacon1996fast,
	title={Fast static analysis of C++ virtual function calls},
	author={Bacon, David F and Sweeney, Peter F},
	booktitle={Proceedings of the 11th ACM SIGPLAN conference on Object-oriented programming, systems, languages, and applications},
	pages={324--341},
	year={1996}
}

@InProceedings{pande1996data,
	author={Pande, Hemant D. and Ryder, Barbara G.},
	editor={Cousot, Radhia and Schmidt, David A.},
	title={Data-flow-based virtual function resolution},
	booktitle={Static Analysis},
	year={1996},
	publisher={Springer Berlin Heidelberg},
	volume={1145},
	pages={238--254}
}

@inproceedings{lu2019does,
	title={Where does it go? refining indirect-call targets with multi-layer type analysis},
	author={Lu, Kangjie and Hu, Hong},
	booktitle={Proceedings of the 2019 ACM SIGSAC Conference on Computer and Communications Security},
	pages={1867--1881},
	year={2019}
}

@article{pearce2007efficient,
	title={Efficient field-sensitive pointer analysis of C},
	author={Pearce, David J and Kelly, Paul HJ and Hankin, Chris},
	journal={ACM Transactions on Programming Languages and Systems (TOPLAS)},
	volume={30},
	number={1},
	pages={4--es},
	year={2007},
	publisher={ACM New York, NY, USA}
}


@article{lozano2019survey,
	title={Survey on combinatorial register allocation and instruction scheduling},
	author={Lozano, Roberto Casta{\~n}eda and Schulte, Christian},
	journal={ACM Computing Surveys (CSUR)},
	volume={52},
	number={3},
	pages={1--50},
	year={2019},
	publisher={ACM New York, NY, USA}
}

@misc{alfred2007compilers,
	title={Compilers Principles, Techniques},
	author={Alfred Aho, V and Monica Lam, S and Ravi, Sethi and D Ullman, Jeffrey},
	year={2007},
	publisher={Greg Tobin}
}

@inproceedings{venkatakeerthy2023rl4real,
	title={Rl4real: Reinforcement learning for register allocation},
	author={VenkataKeerthy, S and Jain, Siddharth and Kundu, Anilava and Aggarwal, Rohit and Cohen, Albert and Upadrasta, Ramakrishna},
	booktitle={Proceedings of the 32nd ACM SIGPLAN International Conference on Compiler Construction},
	pages={133--144},
	year={2023}
}


@article{rogers2020efficient,
	title={Efficient global register allocation},
	author={Rogers, Ian},
	journal={arXiv preprint arXiv:2011.05608},
	year={2020}
}

@article{zhou2021empirical,
	title={An empirical study of optimization bugs in GCC and LLVM},
	author={Zhou, Zhide and Ren, Zhilei and Gao, Guojun and Jiang, He},
	journal={Journal of Systems and Software},
	volume={174},
	pages={110884},
	year={2021},
	publisher={Elsevier}
}

@article{melnik2010case,
	title={A case study: optimizing GCC on ARM for performance of libevas rasterization library},
	author={Melnik, Dmitry and Belevantsev, Andrey and Plotnikov, Dmitry and Lee, Semun},
	journal={Proceedings of GROW},
	year={2010}
}


@ARTICLE{CitekeyJournal,
	author ={Li, Nanya and Link, Guido and Engler, Moritz and Jelonnek, John},
	journal = {IEEE Transactions on Microwave Theory and Techniques},
	title = {Small-Size Coaxial Resonant Applicator for Microwave Heating Assisted Additive Manufacturing},
	year = {2021},
	volume = {69},
	number = {11},
	pages = {4631-4638},
	doi = {10.1109/TMTT.2021.3105431},
}

@ARTICLE{CitekeyJournalInpress,
	author = {Nadeem, Iram and Verri, Valentina and Martini, Enrica and Morgia, Fabio and Toccafondi, Alberto and Mattivi, Maurizio and Maci, Stefano},
	journal = {IEEE Transactions on Antennas and Propagation},
	title = {Experimental Verification of Backscattering Protection in PTD-Symmetric Bifilar Edge Waveguides}, 
	year = {2022},
	volume = {},
	number = {},
	pages = {1-1}, 
	doi = {10.1109/TAP.2022.3191422},
}
@article{vanderwiel2000data,
	title={Data prefetch mechanisms},
	author={Vanderwiel, Steven P and Lilja, David J},
	journal={ACM Computing Surveys (CSUR)},
	volume={32},
	number={2},
	pages={174--199},
	year={2000},
	publisher={ACM New York, NY, USA}
}

@book{smith1987design,
	title={Design of CPU cache memories},
	author={Smith, Alan Jay},
	year={1987},
	publisher={Computer Science Division, University of California}
}

@article{purkayastha2020llvm,
	title={LLVM-based automation of memory decoupling for OpenCL applications on FPGAs},
	author={Purkayastha, Arnab A and Rogers, Samuel and Shiddibhavi, Suhas A and Tabkhi, Hamed},
	journal={Microprocessors and Microsystems},
	volume={72},
	pages={102909},
	year={2020},
	publisher={Elsevier}
}

@inproceedings{leather2020machine,
	title={Machine learning in compilers: Past, present and future},
	author={Leather, Hugh and Cummins, Chris},
	booktitle={2020 Forum for Specification and Design Languages (FDL)},
	pages={1--8},
	year={2020},
	organization={IEEE}
}

@inproceedings{liu2020dlfusion,
	title={DLFusion: An auto-tuning compiler for layer fusion on deep neural network accelerator},
	author={Liu, Zihan and Leng, Jingwen and Chen, Quan and Li, Chao and Zheng, Wenli and Li, Li and Guo, Minyi},
	booktitle={2020 IEEE Intl Conf on Parallel \& Distributed Processing with Applications, Big Data \& Cloud Computing, Sustainable Computing \& Communications, Social Computing \& Networking (ISPA/BDCloud/SocialCom/SustainCom)},
	pages={118--127},
	year={2020},
	organization={IEEE}
}

@misc{ekemark2016static,
	title={Static Multi-Versioning for Efficient Prefetching},
	author={Ekemark, Per},
	year={2016}
}

@inproceedings{wei2021compiler,
	title={Compiler Autotuning based on Hot Function for SHENWEI Processor},
	author={Wei, WU and Qi, ZHU and Wang, Fei},
	booktitle={2021 IEEE 6th International Conference on Computer and Communication Systems (ICCCS)},
	pages={1059--1062},
	year={2021},
	organization={IEEE}
}

@inproceedings{zhu2023compiler,
	title={Compiler Auto-Tuning via Critical Flag Selection},
	author={Zhu, Mingxuan and Hao, Dan},
	booktitle={2023 38th IEEE/ACM International Conference on Automated Software Engineering (ASE)},
	pages={1000--1011},
	year={2023},
	organization={IEEE}
}

@inproceedings{reid2016trustworthy,
	title={Trustworthy specifications of ARM{\textregistered} v8-A and v8-M system level architecture},
	author={Reid, Alastair},
	booktitle={2016 Formal Methods in Computer-Aided Design (FMCAD)},
	pages={161--168},
	year={2016},
	organization={IEEE}
}

@article{cha2021ampere,
	title={Ampere Altra の性能評価},
	author={大島聡史 and 永井亨 and 片桐孝洋 and others},
	journal={研究報告ハイパフォーマンスコンピューティング (HPC)},
	volume={2021},
	number={9},
	pages={1--9},
	year={2021}
}

@article{xia2021kunpeng,
	title={Kunpeng 920: The first 7-nm chiplet-based 64-core arm soc for cloud services},
	author={Xia, Jing and Cheng, Chuanning and Zhou, Xiping and Hu, Yuxing and Chun, Peter},
	journal={IEEE Micro},
	volume={41},
	number={5},
	pages={67--75},
	year={2021},
	publisher={IEEE}
}
@inproceedings{jamilan2022apt,
	title={Apt-get: Profile-guided timely software prefetching},
	author={Jamilan, Saba and Khan, Tanvir Ahmed and Ayers, Grant and Kasikci, Baris and Litz, Heiner},
	booktitle={Proceedings of the Seventeenth European Conference on Computer Systems},
	pages={747--764},
	year={2022}
}

@inproceedings{chai2021implementation,
	title={Implementation and optimization of data prefetching algorithm based on LLVM compilation system},
	author={Chai, Yunda and Chen, Mengyao and Li, Jianan and Han, Lin},
	booktitle={Journal of Physics: Conference Series},
	volume={1827},
	number={1},
	pages={012136},
	year={2021},
	organization={IOP Publishing}
}

@article{tse1998cpu,
	title={CPU cache prefetching: Timing evaluation of hardware implementations},
	author={Tse, John and Smith, Alan Jay},
	journal={IEEE Transactions on Computers},
	volume={47},
	number={5},
	pages={509--526},
	year={1998},
	publisher={IEEE}
}

@INPROCEEDINGS{CitekeyProceedings,
	author = {Peskov, N. Yu. and Arzhannikov, A. V. and Bak, P. A. and Belousov, V. I. and Ginzburg, N. S. and Nikiforov, D. A. and Sandalov, E. S. and Sinitsky, S. L. and Sobolev, D. I. and Starostenko, A. A. and Zaslavsky, V. Yu. and Zhivankov, K. I.},
	booktitle = {Proceedings of 2022 Photonics \& Electromagnetics Research Symposium (PIERS)},
	title = {Recent Results on Development of Sub-GW Long-pulse THz-band FEL},
	year = {2022},
	publisher = {Institute of Electrical and Electronics Engineers},
	address = {New York, NY, USA},
	volume = {1},
	number = {},
	pages = {885-891},
	doi = {10.1109/PIERS55526.2022.9792641},
	ISSN={},
	month={},
}

@inproceedings{pohl2018control,
	title={Control flow vectorization for arm neon},
	author={Pohl, Angela and Cosenza, Biagio and Juurlink, Ben},
	booktitle={Proceedings of the 21st International Workshop on Software and Compilers for Embedded Systems},
	pages={66--75},
	year={2018}
}

@inproceedings{petrogalli2018llvm,
	title={LLVM and the automatic vectorization of loops invoking math routines:-FSIMDMATH},
	author={Petrogalli, Francesco and Walker, Paul},
	booktitle={2018 IEEE/ACM 5th Workshop on the LLVM Compiler Infrastructure in HPC (LLVM-HPC)},
	pages={30--38},
	year={2018},
	organization={IEEE}
}

@unpublished{CitekeyUnpublished,
	author = {M. Beneke and G. Buchalla and I. Dunietz},
	title = {Mixing induced CP asymmetries in inclusive B decays},
	year = {2007},
	eprinttype = {arXiv e-Print},
	archivePrefix = {arXiv},
	number = {0707.3168}, 
}

@inbook{CitekeyInbook,
	author = {Lisa A. Urry and Michael L. Cain and Steven A. Wasserman and Peter V. Minorsky and Jane B. Reece},
	title = {Photosynthesis},
	booktitle = {Campbell Biology},
	year = {2016},
	publisher = {Pearson},
	version ={1},
	address = {New York, NY},
	Pages = {187-221}
}

@incollection{CitekeyIncollection,
	author = {Shapiro, Howard M.},
	editor = {Hawley, Teresa S. and Hawley, Robert G.},
	title = {Flow Cytometry: The Glass Is Half Full},
	booktitle = {Flow Cytometry Protocols},
	year = {2018},
	publisher = {Springer},
	version = {1},
	address = {New York, NY},
	Pages = {1-10},
}

@book{CitekeyBook,
	author = {Leonard Susskind and George Hrabovsky},
	title = {Classical mechanics: the theoretical minimum},
	publisher = {Penguin Random House},
	version = {3},
	address = {New York, NY},
	pages = {1-10},
	year = {2014}
}

@mastersthesis{CitekeyMastersthesis,
	author = {Jian Tang},
	title = {Spin structure of the nucleon in the asymptotic limit},
	school = {Massachusetts Institute of Technology},
	year = {1996},
	address = {Cambridge, MA, USA},
	month = {sep}
}

@phdthesis{CitekeyPhdthesis,
	author = {Rempel, Robert Charles},
	title = {Relaxation Effects for Coupled Nuclear Spins},
	school = {Stanford University},
	address = {Stanford, CA, USA},
	year = {1956},
	month = {jun}
}

@techstandard{CitekeyStandard,
	type = {Standard},
	number = {ISO 13586:2000(E)},
	year = {2000},
	title = {{Plastics -- Determination of fracture toughness -- Linear elastic fracture mechanics ({LEFM}) approach}},
	doi = {10.1109/IEEESTD.2010.5514475},
	URL = {https://doi.org/10.1063/5.0033126},
}

@techreport{CitekeyTechreport,
	type = {Report},
	title = {Wasatch Solar Project Final Report},
	author = {Bennett, Vicki and Bowman, Kate and Wright, Sarah},
	institution = {Salt Lake City Corporation},
	address = {Salt Lake City, UT},
	number = {DOE-SLC-6903-1},
	year = {2018}
}


@techreport{CitekeyPatent,
	type = {Patent},
	author = {Bennett, Vicki and Bowman, Kate and Wright, Sarah},
	title = {Wasatch Solar Project Final Report},
	address = {USA},
	date = {2004-10-27},
	number = {DOE-SLC-6903-1},
}

@online{CitekeyOnline,
	author = {Baez, John C. and Lauda, Aaron D.},
	title = {Higher-Dimensional Algebra V: 2-Groups},
	date = {2004-10-27},
	URL = {https://doi.org/10.1063/5.0033126}
}


%%%%%%%%%%%%%%%%%%%%%%%%%%%%%%%%%%%%%%%

@article{test2022,
	author  = {Test, T.},
	title   = {This is a test of bib},
	journal = {Test},
	year    = 2022,
	month   = aug,
	volume  = {34},
	pages   = {1-9},
	doi     = {10.1017/test2022.01},
}

@article{test202201,
	author  = {Test, T. and Test, One},
	title   = {This is a test of bib},
	journal = {Test},
	year    = 2022,
	month   = aug,
	volume  = {34},
	pages   = {1-9},
	doi     = {10.1017/test2022.01},
	
}

@article{2013PASA...30....7T,
	author = {{Tingay}, S.~J. and {Goeke}, R. and {Bowman}, J.~D. and {Emrich}, D. and 
	{Ord}, S.~M. and {Mitchell}, D.~A. and {Morales}, M.~F. and 
	{Booler}, T. and {Crosse}, B. and {Wayth}, R.~B. and {Lonsdale}, C.~J. and 
	{Tremblay}, S. and {Pallot}, D. and {Colegate}, T. and {Wicenec}, A. and 
	{Kudryavtseva}, N. and {Arcus}, W. and {Barnes}, D. and {Bernardi}, G. and 
	{Briggs}, F. and {Burns}, S. and {Bunton}, J.~D. and {Cappallo}, R.~J. and 
	{Corey}, B.~E. and {Deshpande}, A. and {Desouza}, L. and {Gaensler}, B.~M. and 
	{Greenhill}, L.~J. and {Hall}, P.~J. and {Hazelton}, B.~J. and 
	{Herne}, D. and {Hewitt}, J.~N. and {Johnston-Hollitt}, M. and 
	{Kaplan}, D.~L. and {Kasper}, J.~C. and {Kincaid}, B.~B. and 
	{Koenig}, R. and {Kratzenberg}, E. and {Lynch}, M.~J. and {Mckinley}, B. and 
	{Mcwhirter}, S.~R. and {Morgan}, E. and {Oberoi}, D. and {Pathikulangara}, J. and 
	{Prabu}, T. and {Remillard}, R.~A. and {Rogers}, A.~E.~E. and 
	{Roshi}, A. and {Salah}, J.~E. and {Sault}, R.~J. and {Udaya-Shankar}, N. and 
	{Schlagenhaufer}, F. and {Srivani}, K.~S. and {Stevens}, J. and 
	{Subrahmanyan}, R. and {Waterson}, M. and {Webster}, R.~L. and 
	{Whitney}, A.~R. and {Williams}, A. and {Williams}, C.~L. and 
	{Wyithe}, J.~S.~B.},
	title = {The Murchison Widefield Array: The Square Kilometre Array Precursor at Low Radio Frequencies},
	journal = {Publications of the Astronomical Society of Australia},
	archivePrefix = "arXiv",
	eprint = {1206.6945},
	primaryClass = "astro-ph.IM",
	keywords = {instrumentation: interferometers, techniques: image processing, techniques: interferometric, radio continuum: general, radio lines: general, early Universe},
	year = 2013,
	month = jan,
	volume = 30,
	eid = {e007},
	pages = {e007},
	doi = {10.1017/pasa.2012.007},
	adsurl = {http://adsabs.harvard.edu/abs/2013PASA...30....7T},
	adsnote = {Provided by the SAO/NASA Astrophysics Data System}
}

@article{2017PASA...34...34W,
	author = {{Wayth}, Randall and {Sokolowski}, Marcin and {Booler}, Tom and
	{Crosse}, Brian and {Emrich}, David and {Grootjans}, Robert and
	{Hall}, Peter J. and {Horsley}, Luke and {Juswardy}, Budi and
	{Kenney}, David and {Steele}, Kim and {Sutinjo}, Adrian and
	{Tingay}, Steven J. and {Ung}, Daniel and {Walker}, Mia and
	{Williams}, Andrew and {Beardsley}, A. and {Franzen}, T.~M.~O. and
	{Johnston-Hollitt}, M. and {Kaplan}, D.~L. and {Morales}, M.~F. and
	{Pallot}, D. and {Trott}, C.~M. and {Wu}, C.},
	title = {The Engineering Development Array: A Low Frequency Radio Telescope Utilising SKA Precursor Technology},
	journal = {PASA},
	keywords = {instrumentation: miscellaneous, telescopes, Astrophysics - Instrumentation and Methods for Astrophysics},
	year = 2017,
	month = aug,
	volume = {34},
	eid = {e034},
	pages = {e034},
	doi = {10.1017/pasa.2017.27},
	archivePrefix = {arXiv},
	eprint = {1707.03499},
	primaryClass = {astro-ph.IM},
	adsurl = {https://ui.adsabs.harvard.edu/abs/2017PASA...34...34W},
	adsnote = {Provided by the SAO/NASA Astrophysics Data System}
}

@INPROCEEDINGS{2017rfi..confE...1S,
	author = {{Sokolowski}, Marcin and {Wayth}, Randall B. and {Ellement}, Tyler},
	title = {The statistics of radio frequency interference propagating from long distances to the Murchison radio-astronomy observatory},
	booktitle = {Radio Frequency Interference (RFI)},
	year = 2017,
	month = jan,
	eid = {7833541},
	pages = {7833541},
	doi = {10.1109/RFINT.2016.7833541},
	adsurl = {https://ui.adsabs.harvard.edu/abs/2017rfi..confE...1S},
	adsnote = {Provided by the SAO/NASA Astrophysics Data System}
}

@article{2016arXiv161004696S,
	author = {{Sokolowski}, Marcin and {Wayth}, Randall B. and {Lewis}, Morgan},
	title = {The statistics of low frequency radio interference at the Murchison Radio-astronomy Observatory},
	journal = {arXiv e-Print},
	keywords = {Astrophysics - Instrumentation and Methods for Astrophysics},
	year = 2016,
	month = oct,
	eid = {arXiv:1610.04696},
	pages = {arXiv:1610.04696},
	archivePrefix = {arXiv},
	eprint = {1610.04696},
	primaryClass = {astro-ph.IM},
	adsurl = {https://ui.adsabs.harvard.edu/abs/2016arXiv161004696S},
	adsnote = {Provided by the SAO/NASA Astrophysics Data System}
}

@article{2015PASA...32....4S,
	author = {{Sokolowski}, Marcin and {Tremblay}, Steven E. and {Wayth}, Randall B. and
	{Tingay}, Steven J. and {Clarke}, Nathan and {Roberts}, Paul and
	{Waterson}, Mark and {Ekers}, Ronald D. and {Hall}, Peter and
	{Lewis}, Morgan and {Mossammaparast}, Mehran and {Padhi}, Shantanu and
	{Schlagenhaufer}, Franz and {Sutinjo}, Adrian and {Tickner}, Jonathan},
	title = {BIGHORNS - Broadband Instrument for Global HydrOgen ReioNisation Signal},
	journal = {PASA},
	keywords = {cosmology: observations, dark ages, reionisation, first stars, instrumentation: miscellaneous, methods: data analysis, methods: observational, Astrophysics - Instrumentation and Methods for Astrophysics},
	year = 2015,
	month = feb,
	volume = {32},
	eid = {e004},
	pages = {e004},
	doi = {10.1017/pasa.2015.3},
	archivePrefix = {arXiv},
	eprint = {1501.02922},
	primaryClass = {astro-ph.IM},
	adsurl = {https://ui.adsabs.harvard.edu/abs/2015PASA...32....4S},
	adsnote = {Provided by the SAO/NASA Astrophysics Data System}
}

@article{2015PASA...32....8O,
	author = {{Offringa}, A.~R. and {Wayth}, R.~B. and {Hurley-Walker}, N. and
	{Kaplan}, D.~L. and {Barry}, N. and {Beardsley}, A.~P. and
	{Bell}, M.~E. and {Bernardi}, G. and {Bowman}, J.~D. and {Briggs}, F. and
	{Callingham}, J.~R. and {Cappallo}, R.~J. and {Carroll}, P. and {Deshpand
	e}, A.~A. and {Dillon}, J.~S. and {Dwarakanath}, K.~S. and
	{Ewall-Wice}, A. and {Feng}, L. and {For}, B. -Q. and
	{Gaensler}, B.~M. and {Greenhill}, L.~J. and {Hancock}, P. and
	{Hazelton}, B.~J. and {Hewitt}, J.~N. and {Hindson}, L. and
	{Jacobs}, D.~C. and {Johnston-Hollitt}, M. and {Kapi{\'n}ska}, A.~D. and
	{Kim}, H. -S. and {Kittiwisit}, P. and {Lenc}, E. and {Line}, J. and
	{Loeb}, A. and {Lonsdale}, C.~J. and {McKinley}, B. and
	{McWhirter}, S.~R. and {Mitchell}, D.~A. and {Morales}, M.~F. and
	{Morgan}, E. and {Morgan}, J. and {Neben}, A.~R. and {Oberoi}, D. and
	{Ord}, S.~M. and {Paul}, S. and {Pindor}, B. and {Pober}, J.~C. and
	{Prabu}, T. and {Procopio}, P. and {Riding}, J. and
	{Udaya Shankar}, N. and {Sethi}, S. and {Srivani}, K.~S. and
	{Staveley-Smith}, L. and {Subrahmanyan}, R. and {Sullivan}, I.~S. and
	{Tegmark}, M. and {Thyagarajan}, N. and {Tingay}, S.~J. and
	{Trott}, C.~M. and {Webster}, R.~L. and {Williams}, A. and
	{Williams}, C.~L. and {Wu}, C. and {Wyithe}, J.~S. and {Zheng}, Q.},
	title = {The Low-Frequency Environment of the Murchison Widefield Array: Radio-Frequency Interference Analysis and Mitigation},
	journal = {PASA},
	keywords = {instrumentation: interferometers, methods: observational, radio continuum: general, techniques: interferometric, Astrophysics - Instrumentation and Methods for Astrophysics},
	year = 2015,
	month = mar,
	volume = {32},
	eid = {e008},
	pages = {e008},
	doi = {10.1017/pasa.2015.7},
	archivePrefix = {arXiv},
	eprint = {1501.03946},
	primaryClass = {astro-ph.IM},
	adsurl = {https://ui.adsabs.harvard.edu/abs/2015PASA...32....8O},
	adsnote = {Provided by the SAO/NASA Astrophysics Data System}
}

@article{2019PASP..131k4507W,
	author = {{Wilensky}, Michael J. and {Morales}, Miguel F. and
	{Hazelton}, Bryna J. and {Barry}, Nichole and {Byrne}, Ruby and
	{Roy}, Sumit},
	title = {Absolving the SSINS of Precision Interferometric Radio Data: A New Technique for Mitigating Faint Radio Frequency Interference},
	journal = {\pasp},
	keywords = {Astrophysics - Instrumentation and Methods for Astrophysics, Astrophysics - Cosmology and Nongalactic Astrophysics},
	year = 2019,
	month = nov,
	volume = {131},
	number = {1005},
	pages = {114507},
	doi = {10.1088/1538-3873/ab3cad},
	archivePrefix = {arXiv},
	eprint = {1906.01093},
	primaryClass = {astro-ph.IM},
	adsurl = {https://ui.adsabs.harvard.edu/abs/2019PASP..131k4507W},
	adsnote = {Provided by the SAO/NASA Astrophysics Data System}
}

@article{1987PASP...99..191S,
	author = {{Stetson}, Peter B.},
	title = {DAOPHOT: A Computer Program for Crowded-Field Stellar Photometry},
	journal = {\pasp},
	keywords = {Algorithms, Astronomical Photometry, Computer Programs, Charge Coupled Devices, Color-Magnitude Diagram, Magellanic Clouds, Point Spread Functions, Television Cameras, COMPUTER PROGRAMMING AND SOFTWARE, data-handling techniques, photometry (general)},
	year = 1987,
	month = mar,
	volume = {99},
	pages = {191},
	doi = {10.1086/131977},
	adsurl = {https://ui.adsabs.harvard.edu/abs/1987PASP...99..191S},
	adsnote = {Provided by the SAO/NASA Astrophysics Data System}
}

@article{2020arXiv200201674P,
	author = {{Prabu}, Steve and {Hancock}, Paul J and {Zhang}, Xiang and
	{Tingay}, Steven J},
	title = {The Development of Non-coherent Passive Radar Techniques for Space Situational Awareness with the Murchison Widefield Array},
	journal = {arXiv e-Print},
	keywords = {Astrophysics - Instrumentation and Methods for Astrophysics},
	year = 2020,
	month = feb,
	eid = {arXiv:2002.01674},
	pages = {arXiv:2002.01674},
	archivePrefix = {arXiv},
	eprint = {2002.01674},
	primaryClass = {astro-ph.IM},
	adsurl = {https://ui.adsabs.harvard.edu/abs/2020arXiv200201674P},
	adsnote = {Provided by the SAO/NASA Astrophysics Data System}
}

@INPROCEEDINGS{8835821,
	author={B. {Hennessy} and S. {Tingay} and P. {Hancock} and R. {Young} and S. {Tremblay} and R. B. {Wayth} and J. {Morgan} and S. {McSweeney} and B. {Crosse} and M. {Johnston-Hollitt} and D. L. {Kaplan} and D. {Pallot} and M. {Walker}},
	booktitle={2019 IEEE Radar Conference (RadarConf)},
	title={Improved Techniques for the Surveillance of the Near Earth Space Environment with the Murchison Widefield Array},
	year={2019},
	volume={},
	number={},
	pages={1-6},
	keywords={Doppler effect;Acceleration;Passive radar;Fourier transforms;Surveillance;Orbits;Space vehicles;passive radar;passive bistatic radar;radar signal processing;surveillance of space;space situational awareness;space debris;range migration;doppler migration},
	doi={10.1109/RADAR.2019.8835821},
	ISSN={},
	month={April},}

@INPROCEEDINGS{7944483, 
	author={J. E. {Palmer} and B. {Hennessy} and M. {Rutten} and D. {Merrett} and S. {Tingay} and D. {Kaplan} and S. {Tremblay} and S. M. {Ord} and J. {Morgan} and R. B. {Wayth}}, 
	booktitle={2017 IEEE Radar Conference (RadarConf)}, 
	title={Surveillance of Space using passive radar and the Murchison Widefield Array}, 
	year={2017}, 
	volume={}, 
	number={}, 
	pages={1715-1720}, 
	keywords={passive radar;radioastronomy;search radar;passive radar;Murchison widefield array;radio astronomy community;space situational awareness;Orbits;Radio transmitters;Azimuth;Extraterrestrial measurements;Surveillance;Passive radar;Signal to noise ratio;passive radar;passive bistatic radar;passive coherent location;surveillance of space;space situational awareness;radio astronomy}, 
	doi={10.1109/RADAR.2017.7944483}, 
	ISSN={2375-5318}, 
	month={May},}

@article{Tingay2013OnFeasibility,
	title = {{On the detection and tracking of space debris using the murchison widefield array. I. Simulations and test observations demonstrate feasibility}},
	year = {2013},
	journal = {Astronomical Journal},
	author = {Tingay, S. J. and Kaplan, D. L. and McKinley, B. and Briggs, F. and Wayth, R. B. and Hurley-Walker, N. and Kennewell, J. and Smith, C. and Zhang, K. and Arcus, W. and Bhat, N. D R and Emrich, D. and Herne, D. and Kudryavtseva, N. and Lynch, M. and Ord, S. M. and Waterson, M. and Barnes, D. G. and Bell, M. and Gaensler, B. M. and Lenc, E. and Bernardi, G. and Greenhill, L. J. and Kasper, J. C. and Bowman, J. D. and Jacobs, D. and Bunton, J. D. and Desouza, L. and Koenig, R. and Pathikulangara, J. and Stevens, J. and Cappallo, R. J. and Corey, B. E. and Kincaid, B. B. and Kratzenberg, E. and Lonsdale, C. J. and McWhirter, S. R. and Rogers, A. E E and Salah, J. E. and Whitney, A. R. and Deshpande, A. and Prabu, T. and Udaya Shankar, N. and Srivani, K. S. and Subrahmanyan, R. and Ewall-Wice, A. and Feng, L. and Goeke, R. and Morgan, E. and Remillard, R. A. and Williams, C. L. and Hazelton, B. J. and Morales, M. F. and Johnston-Hollitt, M. and Mitchell, D. A. and Procopio, P. and Riding, J. and Webster, R. L. and Wyithe, J. S B and Oberoi, D. and Roshi, A. and Sault, R. J. and Williams, A.},
	number = {4},
	volume = {146},
	isbn = {1538-3881},
	doi = {10.1088/0004-6256/146/4/103},
	issn = {00046256},
	arxivId = {1308.2742},
	keywords = {Earth, instrumentation: interferometers, planets and satellites: general, planets and satellites: individual (International, techniques: radar astronomy}
}

@article{Holdsworth2004,
	doi = {10.1029/2003rs003026},
	url = {https://doi.org/10.1029/2003rs003026},
	year = {2004},
	month = oct,
	publisher = {American Geophysical Union ({AGU})},
	volume = {39},
	number = {5},
	pages = {n/a--n/a},
	author = {David A. Holdsworth and Masaki Tsutsumi and Iain M. Reid and Takuji Nakamura and Toshitaka Tsuda},
	title = {Interferometric meteor radar phase calibration using meteor echoes},
	journal = {Radio Science}
}

@article{Cervera2004,
	doi = {10.1029/2004ja010450},
	url = {https://doi.org/10.1029/2004ja010450},
	year = {2004},
	publisher = {American Geophysical Union ({AGU})},
	volume = {109},
	number = {A11},
	author = {M. A. Cervera},
	title = {Meteor radar response function: Application to the interpretation of meteor backscatter at medium frequency},
	journal = {Journal of Geophysical Research}
}

@article{xGPU,
	author = {{Clark}, M.~A. and {La Plante}, P.~C. and {Greenhill}, L.~J.},
	title = {Accelerating Radio Astronomy Cross-Correlation with Graphics Processing Units},
	journal = {arXiv e-Print},
	keywords = {Astrophysics - Instrumentation and Methods for Astrophysics, Computer Science - Computational Engineering, Finance, and Science},
	year = "2011",
	month = "Jul",
	eid = {arXiv:1107.4264},
	pages = {arXiv:1107.4264},
	archivePrefix = {arXiv},
	eprint = {1107.4264},
	primaryClass = {astro-ph.IM},
	adsurl = {https://ui.adsabs.harvard.edu/abs/2011arXiv1107.4264C},
	adsnote = {Provided by the SAO/NASA Astrophysics Data System}
}

@Misc{sun_model,
	author="Benz, Arnold O.",
	editor="Tr{\"u}mper, J.E.",
	title="4.1.1.6 Radio emission of the quiet Sun: Datasheet from Landolt-B{\"o}rnstein - Group VI Astronomy and Astrophysics {\textperiodcentered} Volume 4B: ``Solar System'' in SpringerMaterials (\url{https://doi.org/10.1007/978-3-540-88055-4_5})",
	publisher="Springer-Verlag Berlin Heidelberg",
	note="Copyright 2009 Springer-Verlag Berlin Heidelberg",
	note="Part of SpringerMaterials",
	note="accessed 2020-03-11",
	doi="10.1007/978-3-540-88055-4_5",
	url="https://materials.springer.com/lb/docs/sm_lbs_978-3-540-88055-4_5",
	year="2009"
}


@techreport{uvfits,
	author = {{Greisen}, Eric W.},
	title = {AIPS FITS File Format},
	institution = {AIPS Memo 117},
	address = {Salt Lake City, UT},
	number = {DOE-SLC-6903-1},
	year = {2019},
	type = {AIPS Memo Series},
	adsurl = {http://www.aips.nrao.edu/aipsmemo.html}
}

@article{2020arXiv200407819W,
	author = {{Wilensky}, Michael J. and {Barry}, Nichole and {Morales}, Miguel F. and
	{Hazelton}, Bryna J. and {Byrne}, Ruby},
	title = {Quantifying Excess Power from Radio Frequency Interference in Epoch of Reionization Measurements},
	eprinttype = {arXiv e-Print},
	keywords = {Astrophysics - Instrumentation and Methods for Astrophysics},
	year = 2020,
	month = apr,
	eid = {arXiv:2004.07819},
	pages = {arXiv:2004.07819},
	archivePrefix = {arXiv},
	eprint = {2004.07819},
	primaryClass = {astro-ph.IM},
	adsurl = {https://ui.adsabs.harvard.edu/abs/2020arXiv200407819W},
	adsnote = {Provided by the SAO/NASA Astrophysics Data System}
}

@article{2008ExA....22..151J,
	author = {{Johnston}, S. and {Taylor}, R. and {Bailes}, M. and {Bartel}, N. and
	{Baugh}, C. and {Bietenholz}, M. and {Blake}, C. and {Braun}, R. and
	{Brown}, J. and {Chatterjee}, S. and {Darling}, J. and {Deller}, A. and
	{Dodson}, R. and {Edwards}, P. and {Ekers}, R. and {Ellingsen}, S. and
	{Feain}, I. and {Gaensler}, B. and {Haverkorn}, M. and {Hobbs}, G. and
	{Hopkins}, A. and {Jackson}, C. and {James}, C. and {Joncas}, G. and
	{Kaspi}, V. and {Kilborn}, V. and {Koribalski}, B. and {Kothes}, R. and
	{Landecker}, T. and {Lenc}, E. and {Lovell}, J. and {Macquart}, J. -P. and
	{Manchester}, R. and {Matthews}, D. and {McClure-Griffiths}, N. and
	{Norris}, R. and {Pen}, U. -L. and {Phillips}, C. and {Power}, C. and
	{Protheroe}, R. and {Sadler}, E. and {Schmidt}, B. and {Stairs}, I. and
	{Staveley-Smith}, L. and {Stil}, J. and {Tingay}, S. and
	{Tzioumis}, A. and {Walker}, M. and {Wall}, J. and {Wolleben}, M.},
	title = {Science with ASKAP. The Australian square-kilometre-array pathfinder},
	journal = {Experimental Astronomy},
	keywords = {Radio astronomy techniques, Radio telescopes, Square kilometre array, Very long baseline interferometry, Extragalactic HI, Radio continuum surveys, Cosmological evolution, Galaxy formation, Star formation, Rotation measure, Extragalactic radio source polarization, Galactic structure, Galactic magnetic field, Magellenic clouds, Pulsars, Radio transient sources, Gamma-ray bursters, Intra-day variability, Astrophysics},
	year = 2008,
	month = dec,
	volume = {22},
	number = {3},
	pages = {151-273},
	doi = {10.1007/s10686-008-9124-7},
	archivePrefix = {arXiv},
	eprint = {0810.5187},
	primaryClass = {astro-ph},
	adsurl = {https://ui.adsabs.harvard.edu/abs/2008ExA....22..151J},
	adsnote = {Provided by the SAO/NASA Astrophysics Data System}
}

@article{2018PASA...35...33W,
	author = {{Wayth}, Randall B. and {Tingay}, Steven J. and {Trott}, Cathryn M. and
	{Emrich}, David and {Johnston-Hollitt}, Melanie and {McKinley}, Ben and
	{Gaensler}, B.~M. and {Beardsley}, A.~P. and {Booler}, T. and
	{Crosse}, B. and {Franzen}, T.~M.~O. and {Horsley}, L. and
	{Kaplan}, D.~L. and {Kenney}, D. and {Morales}, M.~F. and {Pallot}, D. and
	{Sleap}, G. and {Steele}, K. and {Walker}, M. and {Williams}, A. and
	{Wu}, C. and {Cairns}, Iver. H. and {Filipovic}, M.~D. and
	{Johnston}, S. and {Murphy}, T. and {Quinn}, P. and
	{Staveley-Smith}, L. and {Webster}, R. and {Wyithe}, J.~S.~B.},
	title = {The Phase II Murchison Widefield Array: Design overview},
	journal = {PASA},
	keywords = {early universe, instrumentation: interferometers, radio continuum: general, radio lines: general, techniques: interferometric, Astrophysics - Instrumentation and Methods for Astrophysics},
	year = 2018,
	month = nov,
	volume = {35},
	pages = {33},
	doi = {10.1017/pasa.2018.37},
	archivePrefix = {arXiv},
	eprint = {1809.06466},
	primaryClass = {astro-ph.IM},
	adsurl = {https://ui.adsabs.harvard.edu/abs/2018PASA...35...33W},
	adsnote = {Provided by the SAO/NASA Astrophysics Data System}
}

@article{2020arXiv200303947H,
	author = {{Hennessy}, Brendan and {Rutten}, Mark and {Tingay}, Steven and
	{Young}, Robert},
	title = {Orbit Determination Before Detect: Orbital Parameter Matched Filtering for Uncued Detection},
	journal = {arXiv e-Print},
	keywords = {Electrical Engineering and Systems Science - Signal Processing, Astrophysics - Instrumentation and Methods for Astrophysics},
	year = 2020,
	month = mar,
	eid = {arXiv:2003.03947},
	pages = {arXiv:2003.03947},
	archivePrefix = {arXiv},
	eprint = {2003.03947},
	primaryClass = {eess.SP},
	adsurl = {https://ui.adsabs.harvard.edu/abs/2020arXiv200303947H},
	adsnote = {Provided by the SAO/NASA Astrophysics Data System}
}

@article{2018MNRAS.477.5167Z,
	author = {{Zhang}, X. and {Hancock}, P. and {Devillepoix}, H.~A.~R. and
	{Wayth}, R.~B. and {Beardsley}, A. and {Crosse}, B. and {Emrich}, D. and
	{Franzen}, T.~M.~O. and {Gaensler}, B.~M. and {Horsley}, L. and
	{Johnston-Hollitt}, M. and {Kaplan}, D.~L. and {Kenney}, D. and
	{Morales}, M.~F. and {Pallot}, D. and {Steele}, K. and {Tingay}, S.~J. and
	{Trott}, C.~M. and {Walker}, M. and {Williams}, A. and {Wu}, C. and
	{Ji}, Jianghui and {Ma}, Yuehua},
	title = {Limits on radio emission from meteors using the MWA},
	journal = {MNRAS},
	keywords = {plasmas, instrumentation: interferometers, meteorites, meteors, meteoroids, Astrophysics - Earth and Planetary Astrophysics, Astrophysics - Instrumentation and Methods for Astrophysics},
	year = 2018,
	month = jul,
	volume = {477},
	number = {4},
	pages = {5167-5176},
	doi = {10.1093/mnras/sty930},
	archivePrefix = {arXiv},
	eprint = {1804.07060},
	primaryClass = {astro-ph.EP},
	adsurl = {https://ui.adsabs.harvard.edu/abs/2018MNRAS.477.5167Z},
	adsnote = {Provided by the SAO/NASA Astrophysics Data System}
}


@article{2017JAI.....641015C,
	author = {{Comoretto}, Gianni and {Chiello}, Riccardo and {Roberts}, Matt and
	{Halsall}, Rob and {Adami}, Kristian Zarb and {Alderighi}, Monica and
	{Aminaei}, Amin and {Baker}, Jeremy and {Belli}, Carolina and
	{Chiarucci}, Simone and {D'Angelo}, Sergio and {De Marco}, Andrea and
	{Mura}, Gabriele Dalle and {Magro}, Alessio and {Mattana}, Andrea and
	{Monari}, Jader and {Naldi}, Giovanni and {Pastore}, Sandro and
	{Perini}, Federico and {Poloni}, Marco and {Pupillo}, Giuseppe and
	{Rusticelli}, Simone and {Schiaffino}, Marco and
	{Schillir{\`o}}, Francesco and {Zaccaro}, Emanuele},
	title = {The Signal Processing Firmware for the Low Frequency Aperture Array},
	journal = {Journal of Astronomical Instrumentation},
	keywords = {Instrumentation: interferometers, instrumentation, radio astronomy, techniques: digital signal processing, Astrophysics - Instrumentation and Methods for Astrophysics, Physics - Instrumentation and Detectors},
	year = 2017,
	month = mar,
	volume = {6},
	number = {1},
	eid = {1641015},
	pages = {1641015},
	doi = {10.1142/S2251171716410154},
	archivePrefix = {arXiv},
	eprint = {2002.10307},
	primaryClass = {astro-ph.IM},
	adsurl = {https://ui.adsabs.harvard.edu/abs/2017JAI.....641015C},
	adsnote = {Provided by the SAO/NASA Astrophysics Data System}
}

@article{2017JAI.....641014N,
	author = {{Naldi}, Giovanni and {Mattana}, Andrea and {Pastore}, Sandro and
	{Alderighi}, Monica and {Zarb Adami}, Kristian and
	{Schillir{\`o}}, Francesco and {Aminaei}, Amin and {Baker}, Jeremy and
	{Belli}, Carolina and {Comoretto}, Gianni and {Chiarucci}, Simone and
	{Chiello}, Riccardo and {D'Angelo}, Sergio and {Dalle Mura}, Gabriele and
	{De Marco}, Andrea and {Halsall}, Rob and {Magro}, Alessio and
	{Monari}, Jader and {Roberts}, Matt and {Perini}, Federico and
	{Poloni}, Marco and {Pupillo}, Giuseppe and {Rusticelli}, Simone and
	{Schiaffino}, Marco and {Zaccaro}, Emanuele},
	title = {The Digital Signal Processing Platform for the Low Frequency Aperture Array: Preliminary Results on the Data Acquisition Unit},
	journal = {Journal of Astronomical Instrumentation},
	keywords = {SKA, FPGA-based system, digital receiver, data acquisition},
	year = 2017,
	month = mar,
	volume = {6},
	number = {1},
	eid = {1641014},
	pages = {1641014},
	doi = {10.1142/S2251171716410142},
	adsurl = {https://ui.adsabs.harvard.edu/abs/2017JAI.....641014N},
	adsnote = {Provided by the SAO/NASA Astrophysics Data System}
}

@misc{mcdowell2020low,
	title={The Low Earth Orbit Satellite Population and Impacts of the SpaceX Starlink Constellation},
	author={Jonathan C. McDowell},
	year={2020},
	eprint={2003.07446},
	archivePrefix={arXiv},
	primaryClass={astro-ph.IM}
}

@misc{gallozzi2020concerns,
	title={Concerns about ground based astronomical observations: a step to safeguard the astronomical sky},
	author={Stefano Gallozzi and Marco Scardia and Michele Maris},
	year={2020},
	eprint={2001.10952},
	archivePrefix={arXiv},
	primaryClass={astro-ph.IM}
}

@article{hainaut2020impact,
	title={Impact of satellite constellations on astronomical observations with ESO telescopes in the visible and infrared domains},
	author={Hainaut, Olivier R and Williams, Andrew P},
	journal={Astronomy \& Astrophysics},
	volume={636},
	pages={A121},
	year={2020},
	publisher={EDP Sciences}
}

@article{mallama2020flat,
	title={A Flat-Panel Brightness Model for the Starlink Satellites and Measurement of their Absolute Visual Magnitude},
	author={Mallama, Anthony},
	journal={arXiv preprint arXiv:2003.07805},
	year={2020}
}

@inproceedings{inproceedings,
	author = {Langer, Martin and Bouwmeester, Jasper},
	year = {2016},
	month = {08},
	pages = {},
	title = {Reliability of CubeSats – Statistical Data, Developers' Beliefs and the Way Forward},
	journal = {Proceedings of the AIAA/USU Conference on Small Satellites, SSC16-X-2}
}

@misc{https://doi.org/10.7907/25dp-j474,
	doi = {10.7907/25DP-J474},
	url = {https://resolver.caltech.edu/CaltechTHESIS:06042018-004220017},
	author = {Monroe,  Ryan McKay},
	keywords = {FPGA,  DSP,  radio frequency interference,  self trigger,  Radio astronomy,  Electrical Engineering,  cosmic ray},
	language = {English},
	title = {Gigahertz Bandwidth and Nanosecond Timescales: New Frontiers in Radio Astronomy Through Peak Performance Signal Processing},
	publisher = {California Institute of Technology},
	year = {2018}
}

@article{2020arXiv200512222P,
	author = {{Paoletti}, Daniela and {Hazra}, Dhiraj Kumar and {Finelli}, Fabio and
	{Smoot}, George F.},
	title = {Extended reionization in models beyond $\Lambda$CDM with Planck 2018 data},
	journal = {arXiv e-Print},
	keywords = {Astrophysics - Cosmology and Nongalactic Astrophysics},
	year = 2020,
	month = may,
	eid = {arXiv:2005.12222},
	pages = {arXiv:2005.12222},
	archivePrefix = {arXiv},
	eprint = {2005.12222},
	primaryClass = {astro-ph.CO},
	adsurl = {https://ui.adsabs.harvard.edu/abs/2020arXiv200512222P},
	adsnote = {Provided by the SAO/NASA Astrophysics Data System}
}

@article{2013A&A...549A..11O,
	author = {{Offringa}, A.~R. and {de Bruyn}, A.~G. and {Zaroubi}, S. and
	{van Diepen}, G. and {Martinez-Ruby}, O. and {Labropoulos}, P. and
	{Brentjens}, M.~A. and {Ciardi}, B. and {Daiboo}, S. and {Harker}, G. and
	{Jeli{\'c}}, V. and {Kazemi}, S. and {Koopmans}, L.~V.~E. and
	{Mellema}, G. and {Pandey}, V.~N. and {Pizzo}, R.~F. and {Schaye}, J. and
	{Vedantham}, H. and {Veligatla}, V. and {Wijnholds}, S.~J. and
	{Yatawatta}, S. and {Zarka}, P. and {Alexov}, A. and {Anderson}, J. and
	{Asgekar}, A. and {Avruch}, M. and {Beck}, R. and {Bell}, M. and
	{Bell}, M.~R. and {Bentum}, M. and {Bernardi}, G. and {Best}, P. and
	{Birzan}, L. and {Bonafede}, A. and {Breitling}, F. and
	{Broderick}, J.~W. and {Br{\"u}ggen}, M. and {Butcher}, H. and
	{Conway}, J. and {de Vos}, M. and {Dettmar}, R.~J. and
	{Eisloeffel}, J. and {Falcke}, H. and {Fender}, R. and {Frieswijk}, W. and
	{Gerbers}, M. and {Griessmeier}, J.~M. and {Gunst}, A.~W. and
	{Hassall}, T.~E. and {Heald}, G. and {Hessels}, J. and {Hoeft}, M. and
	{Horneffer}, A. and {Karastergiou}, A. and {Kondratiev}, V. and
	{Koopman}, Y. and {Kuniyoshi}, M. and {Kuper}, G. and {Maat}, P. and
	{Mann}, G. and {McKean}, J. and {Meulman}, H. and {Mevius}, M. and
	{Mol}, J.~D. and {Nijboer}, R. and {Noordam}, J. and {Norden}, M. and
	{Paas}, H. and {Pandey}, M. and {Pizzo}, R. and {Polatidis}, A. and
	{Rafferty}, D. and {Rawlings}, S. and {Reich}, W. and
	{R{\"o}ttgering}, H.~J.~A. and {Schoenmakers}, A.~P. and {Sluman}, J. and
	{Smirnov}, O. and {Sobey}, C. and {Stappers}, B. and {Steinmetz}, M. and
	{Swinbank}, J. and {Tagger}, M. and {Tang}, Y. and {Tasse}, C. and
	{van Ardenne}, A. and {van Cappellen}, W. and {van Duin}, A.~P. and
	{van Haarlem}, M. and {van Leeuwen}, J. and {van Weeren}, R.~J. and
	{Vermeulen}, R. and {Vocks}, C. and {Wijers}, R.~A.~M.~J. and
	{Wise}, M. and {Wucknitz}, O.},
	title = {The LOFAR radio environment},
	journal = {AAp},
	keywords = {instrumentation: interferometers, methods: data analysis, techniques: interferometric, telescopes, radio continuum: general, Astrophysics - Instrumentation and Methods for Astrophysics},
	year = 2013,
	month = jan,
	volume = {549},
	eid = {A11},
	pages = {A11},
	doi = {10.1051/0004-6361/201220293},
	archivePrefix = {arXiv},
	eprint = {1210.0393},
	primaryClass = {astro-ph.IM},
	adsurl = {https://ui.adsabs.harvard.edu/abs/2013A&A...549A..11O},
	adsnote = {Provided by the SAO/NASA Astrophysics Data System}
}

@article{2006PhR...433..181F,
	author = {{Furlanetto}, Steven R. and {Oh}, S. Peng and {Briggs}, Frank H.},
	title = {Cosmology at low frequencies: The 21 cm transition and the high-redshift Universe},
	journal = {Phys. Rep.},
	keywords = {Astrophysics},
	year = 2006,
	month = oct,
	volume = {433},
	number = {4--6},
	pages = {181-301},
	doi = {10.1016/j.physrep.2006.08.002},
	archivePrefix = {arXiv},
	eprint = {astro-ph/0608032},
	primaryClass = {astro-ph},
	adsurl = {https://ui.adsabs.harvard.edu/abs/2006PhR...433..181F},
	adsnote = {Provided by the SAO/NASA Astrophysics Data System}
}

@INPROCEEDINGS{2015aska.confE...1K,
	author = {{Koopmans}, L. and {Pritchard}, J. and {Mellema}, G. and {Aguirre}, J. and
	{Ahn}, K. and {Barkana}, R. and {van Bemmel}, I. and {Bernardi}, G. and
	{Bonaldi}, A. and {Briggs}, F. and {de Bruyn}, A.~G. and
	{Chang}, T.~C. and {Chapman}, E. and {Chen}, X. and {Ciardi}, B. and
	{Dayal}, P. and {Ferrara}, A. and {Fialkov}, A. and {Fiore}, F. and
	{Ichiki}, K. and {Illiev}, I.~T. and {Inoue}, S. and {Jelic}, V. and
	{Jones}, M. and {Lazio}, J. and {Maio}, U. and {Majumdar}, S. and
	{Mack}, K.~J. and {Mesinger}, A. and {Morales}, M.~F. and
	{Parsons}, A. and {Pen}, U.~L. and {Santos}, M. and {Schneider}, R. and
	{Semelin}, B. and {de Souza}, R.~S. and {Subrahmanyan}, R. and
	{Takeuchi}, T. and {Vedantham}, H. and {Wagg}, J. and {Webster}, R. and
	{Wyithe}, S. and {Datta}, K.~K. and {Trott}, C.},
	title = {The Cosmic Dawn and Epoch of Reionisation with SKA},
	keywords = {Astrophysics - Cosmology and Nongalactic Astrophysics},
	booktitle = {Advancing Astrophysics with the Square Kilometre Array (AASKA14)},
	year = 2015,
	month = apr,
	eid = {1},
	pages = {1},
	archivePrefix = {arXiv},
	eprint = {1505.07568},
	primaryClass = {astro-ph.CO},
	adsurl = {https://ui.adsabs.harvard.edu/abs/2015aska.confE...1K},
	adsnote = {Provided by the SAO/NASA Astrophysics Data System}
}

@article{2020PASA...37...10P,
	author = {{Prabu}, Steve and {Hancock}, Paul J. and {Zhang}, Xiang and
	{Tingay}, Steven J.},
	title = {The development of non-coherent passive radar techniques for space situational awareness with the Murchison Widefield Array},
	journal = {PASA},
	keywords = {instrumentation: interferometers, planets and satellites: general, radio continuum: transients, techniques: radar astronomy, Astrophysics - Instrumentation and Methods for Astrophysics},
	year = 2020,
	month = jan,
	volume = {37},
	eid = {e010},
	pages = {e010},
	doi = {10.1017/pasa.2020.1},
	archivePrefix = {arXiv},
	eprint = {2002.01674},
	primaryClass = {astro-ph.IM},
	adsurl = {https://ui.adsabs.harvard.edu/abs/2020PASA...37...10P},
	adsnote = {Provided by the SAO/NASA Astrophysics Data System}
}

@INPROCEEDINGS{1995ASPC...77..433S,
	author = {{Sault}, R.~J. and {Teuben}, P.~J. and {Wright}, M.~C.~H.},
	title = {A Retrospective View of MIRIAD},
	keywords = {Astrophysics},
	booktitle = {Astronomical Data Analysis Software and Systems IV},
	year = 1995,
	editor = {{Shaw}, R.~A. and {Payne}, H.~E. and {Hayes}, J.~J.~E.},
	series = {Astronomical Society of the Pacific Conference Series},
	volume = {77},
	month = jan,
	pages = {433},
	archivePrefix = {arXiv},
	eprint = {astro-ph/0612759},
	primaryClass = {astro-ph},
	adsurl = {https://ui.adsabs.harvard.edu/abs/1995ASPC...77..433S},
	adsnote = {Provided by the SAO/NASA Astrophysics Data System}
}

@misc{Bradley_2019_2533376,
	author = {Larry Bradley and Brigitta Sip{\H o}cz and Thomas Robitaille and
	Erik Tollerud and Z\`e Vin{\'{\i}}cius and Christoph Deil and
	Kyle Barbary and Hans Moritz G{\"u}nther and Mihai Cara and
	Ivo Busko and Simon Conseil and Michael Droettboom and
	Azalee Bostroem and E. M. Bray and Lars Andersen Bratholm and
	Tom Wilson and Matt Craig and Geert Barentsen and
	Sergio Pascual and Axel Donath and Johnny Greco and
	Gabriel Perren and P. L. Lim and Wolfgang Kerzendorf},
	title = {astropy/photutils: v0.6},
	month = jan,
	year = 2019,
	doi = {10.5281/zenodo.2533376},
	url = {https://doi.org/10.5281/zenodo.2533376}
}


% ГОСТ Р 7.0.11-2011, Приложение Б, Книги

@BOOK{Sychev,
  author = {Сычёв, М. С.},
  title = {История Астраханского казачьего войска : учебное пособие},
  address = {Астрахань},
  publisher = {Волга},
  year = {2009},
  numpages = {231},
  language = {russian}
}

@BOOK{Sokolov,
  author = {Соколов, А. Н. and Сердобинцев, К. С.},
  editor = {Бочарова, В. М.},
  address = {Астрахань},
  publisher = {Калиниградский ЮИ МВД России},
  title = {Гражданское общество: проблемы формирования и развития (философский и юридический аспекты) : монография},
  year = {2009},
  numpages = {218},
  language = {russian}
}

@BOOK{Gaidaenko,
  author = {Гайдаенко, Т. А.},
  title = {Маркетинговое управление: принципы управленческих решений и российская практика},
  edition = {{}3-е изд, перераб. и доп.},
  address = {М.},
  publisher = {Эксмо: МИРБИС},
  year = {2008},
  numpages = {508},
  language = {russian}
}

@BOOK{Lermontov,
  author = {Лермонтов, Михаил Юрьевич},
  title = {Собрание сочинений: в 4 т.},
  address = {М.},
  publisher = {Терра-Кн. клуб},
  year = {2009},
  note = {4 т.},
  language = {russian}
}

@BOOK{Management,
  title = {Управление бизнесом : сборник статей},
  address = {Нижний новгород},
  publisher = {Изд-во Нижегородского университета},
  year = {2009},
  numpages = {243},
  language = {russian}
}

@BOOK{Borozda,
  author = {Борозда, И. В. and Воронин, Н. И. and Бушманов, А. В.},
  title = {Лечение сочетанных повреждений таза},
  address = {Владивосток},
  publisher = {Дальнаука},
  year = {2009},
  numpages = {195},
  language = {russian}
}

@BOOK{Marketing,
  author = {Михненков, О. В. and Коготкова, И. З. and Генкин, Е. В. and Сороко, Г. Я.},
  title = {Маркетинговые исследования в строительстве : учебное пособие для студентов специальности «Менеджмент организаций»},
  address = {М.},
  publisher = {Государственный университет управления},
  year = {2005},
  numpages = {59},
  language = {russian}
}

% ГОСТ Р 7.0.11-2011, Приложение Б, Нормативные правовые акты
@BOOK{Constitution,
  title = {Конституция Российской Федерации : офиц. текст.},
  address = {М.},
  publisher = {Маркетинг},
  year = {2001},
  numpages = {39},
  language = {russian}
}

@BOOK{FamilyCode,
  title = {Семейный кодекс Российской Федерации : [федер. закон: принят Гос. Думой 8 дек. 1995~г. : по состоянию на 3~янв. 2001~г.]},
  address = {СПб.},
  publisher = {Стаун-кантри},
  year = {2001},
  numpages = {94},
  language = {russian}
}

% ГОСТ Р 7.0.11-2011, Приложение Б, Стандарты
@BOOK{Gost.7.0.53,
  title = {ГОСТ Р 7.0.53-2007 Система стандартов по информации, библиотечному и издательскому делу. Издания. Международный стандартный книжный номер. Использование и издательское оформление.},
  address = {М.},
  publisher = {Стандартинформ},
  year = {2007},
  numpages = {5},
  language = {russian}
}

% ГОСТ Р 7.0.11-2011, Приложение Б, Депонированные научные работы
@BOOK{Razumovski,
  author = {Разумовский, В. А. and Андреев, Д. А.},
  title = {Управление маркетинговыми исследованиями в регионе},
  address = {М.},
  year = {2002},
  numpages = {210},
  note = {Деп. в ИНИОН Рос. акад. наук 15.02.02, № 139876},
  language = {russian}
}

% ГОСТ Р 7.0.11-2011, Приложение Б, Диссертации
@BOOK{Lagkueva,
  author = {Лагкуева, Ирина Владимировна},
  title = {Особенности регулирования труда творческих работников театров : дис. ... канд. юрид. наук : 12.00.05},
  address = {М.},
  year = {2009},
  numpages = {168},
  language = {russian}
}

@BOOK{Pokrovski,
  author = {Покровский, Андрей Владимирович},
  title = {Устранимые особенности решений эллиптических уравнений : дис. ... д-ра физ.-мат. наук : 01.01.01},
  address = {М.},
  year = {2008},
  numpages = {178},
  language = {russian}
}

% ГОСТ Р 7.0.11-2011, Приложение Б, Авторефераты диссертаций
@BOOK{Sirotko,
  author = {Сиротко, Владимир Викторович},
  title = {Медико-социальные аспекты городского травматизма в современных условиях : автореф. дис. ... канд. мед. наук : 14.00.33},
  address = {М.},
  year = {2006},
  numpages = {26},
  language = {russian}
}

% !!! этот пример НЕ работает с bibtex
% Тот же пример, с использованием https://www.ctan.org/pkg/biblatex-gost
@THESIS{Sirotko2,
  author =       {Сиротко, Владимир Викторович},
  title =        {Медико-социальные аспекты городского травматизма в современных условиях},
  media =        {text},
  type =         {phdautoref},
  science =      {мед. наук},
  specialitycode ={14.00.33},
  address =      {М.},
  year =         {2006},
  pagetotal =    {26},
  language =     {russian},
}

@BOOK{Lukina,
  author = {Лукина, Валентина Александровна},
  title = {Творческая история «Записок охотника» И. С. Тургенева : автореф. дис. ... канд. филол. наук : 10.01.01},
  address = {СПб.},
  year = {2006},
  numpages = {26},
  language = {russian}
}

% !!! этот пример НЕ работает с bibtex
% Тот же пример, с использованием https://www.ctan.org/pkg/biblatex-gost
@THESIS{Lukina2,
  author =       {Лукина, Валентина Александровна},
  title =        {Творческая история «Записок охотника» И. С. Тургенева},
  media =        {text},
  type =         {phdautoref},
  science =      {филол. наук},
  specialitycode ={10.01.01},
  address =      {СПб.},
  year =         {2006},
  pagetotal =    {26},
  language =     {russian},
}

% ГОСТ Р 7.0.11-2011, Приложение Б, Отчёты о научно-исследовательской работе
@BOOK{Methodology,
  author = {Загорюев, А. Л.},
  title = {Методология и методы изучения военно-профессиональной направленности подростков : отчёт о НИР},
  address = {Екатеринбург},
  institution = {Уральский институт практической психологии},
  year = {2008},
  numpages = {102},
  language = {russian}
}

% ГОСТ Р 7.0.11-2011, Приложение Б, Электронные ресурсы
@BOOK{Encyclopedia,
  title = {Художественная энциклопедия зарубежного классического искусства [Электронный ресурс]},
  address = {М.},
  publisher = {Большая Рос. энкцикл.},
  year = {1996},
  note = {1 электрон. опт. диск (CD-ROM)},
  language = {russian}
}

% !!! этот пример НЕ работает с bibtex
% Тот же пример, с использованием https://www.ctan.org/pkg/biblatex-gost
@BOOK{Encyclopedia2,
  title = {Художественная энциклопедия зарубежного классического искусства},
  address = {М.},
  media = {eresource},
  publisher = {Большая Рос. энкцикл.},
  year = {1996},
  note = {1 электрон. опт. диск (CD-ROM)},
  language = {russian},
}

@ARTICLE{Nasirova,
  author =       {Насырова, Г. А.},
  title =        {Модели государственного регулирования страховой деятельности
                  [Электронный ресурс]},
  journal =      {Вестник Финансовой академии},
  year =         {2003},
  number =       {4},
  note =         {Режим доступа: http://vestnik.fa.ru/4(28)2003/4.html},
  language =     {russian}
}

@ARTICLE{Nasirova2,
  author = {Насырова, Г. А.},
  title = {Модели государственного регулирования страховой деятельности},
  journal = {Вестник Финансовой академии},
  year = {2003},
  media = {eresource},
  number = {4},
  note = {Режим доступа: http://vestnik.fa.ru/4(28)2003/4.html},
  language = {russian}
}

% ГОСТ Р 7.0.11-2011, Приложение Б, Статьи

@ARTICLE{Berestova,
  author = {Берестова, Т. Ф.},
  title = {Поисковые инструменты библиотеки},
  journal = {Библиография},
  year = {2006},
  number = {4},
  pages = {19},
  language = {russian}
}

@ARTICLE{Kriger,
  author = {Кригер, И.},
  title =  {Бумага терпит},
  journal = {Новая газета},
  year = {2009},
  note = {1 июля},
  language = {russian}
}


% Examples from https://verbosus.com/bibtex-style-examples.html
@ARTICLE{Article,
  author   = {Peter Adams},
  title    = {The title of the work},
  journal  = {The name of the journal},
  year     = {1993},
  number   = {2},
  pages    = {201-213},
  month    = {7},
  note     = {An optional note},
  volume   = {4},
  language = {english}
}

@BOOK{Book,
  author    = {Peter Babington},
  title     = {The title of the work},
  publisher = {The name of the publisher},
  year      = {1993},
  volume    = {4},
  series    = {10},
  address   = {The address},
  edition   = {3},
  month     = {7},
  note      = {An optional note},
  isbn      = {3257227892},
  language  = {english}
}

@BOOKLET{Booklet,
  title        = {The title of the work},
  author       = {Peter Caxton},
  howpublished = {How it was published},
  address      = {The address of the publisher},
  month        = {7},
  year         = {1993},
  note         = {An optional note},
  language     = {english}
}

@CONFERENCE{Conference,
  author       = {Peter Draper},
  title        = {The title of the work},
  booktitle    = {The title of the book},
  year         = {1993},
  editor       = {The editor},
  volume       = {4},
  series       = {5},
  pages        = {213},
  address      = {The address of the publisher},
  month        = {7},
  organization = {The organization},
  publisher    = {The publisher},
  note         = {An optional note},
  language     = {english}
}

@INBOOK{Inbook,
  author       = {Peter Eston},
  title        = {The title of the work},
  booktitle    = {Book title},
  chapter      = {8},
  pages        = {201-213},
  publisher    = {The name of the publisher},
  year         = {1993},
  volume       = {4},
  series       = {5},
  address      = {The address of the publisher},
  edition      = {3},
  month        = {7},
  note         = {An optional note},
  language     = {english}
}

@INCOLLECTION{Incollection,
  author       = {Peter Farindon},
  title        = {The title of the work},
  booktitle    = {The title of the book},
  publisher    = {The name of the publisher},
  year         = {1993},
  editor       = {The editor},
  volume       = {4},
  series       = {5},
  chapter      = {8},
  pages        = {201-213},
  address      = {The address of the publisher},
  edition      = {3},
  month        = {7},
  note         = {An optional note},
  language     = {english}
}

@MANUAL{Manual,
  title        = {The title of the work},
  author       = {Peter Gainsford},
  organization = {The organization},
  address      = {The address of the publisher},
  edition      = {3},
  month        = {7},
  year         = {1993},
  note         = {An optional note},
  language     = {english}
}

@MASTERSTHESIS{Mastersthesis,
  author       = {Peter Harwood},
  title        = {The title of the work},
  school       = {The school where the thesis was written},
  year         = {1993},
  address      = {The address of the publisher},
  month        = {7},
  note         = {An optional note},
  language     = {english}
}

@MISC{Misc,
  author       = {Peter Isley},
  title        = {The title of the work},
  howpublished = {How it was published},
  month        = {7},
  year         = {1993},
  note         = {An optional note},
  language     = {english}
}

@PHDTHESIS{Phdthesis,
  author       = {Peter Joslin},
  title        = {The title of the work},
  school       = {The school where the thesis was written},
  year         = {1993},
  address      = {The address of the publisher},
  month        = {7},
  note         = {An optional note},
  language     = {english}
}

@inproceedings{bucek2018spec,
	title={SPEC CPU2017: Next-generation compute benchmark},
	author={Bucek, James and Lange, Klaus-Dieter and v. Kistowski, J{\'o}akim},
	booktitle={Companion of the 2018 ACM/SPEC International Conference on Performance Engineering},
	pages={41--42},
	year={2018}
}
@article{lu2023cpubench,
	title={CPUBench: An open general computing CPU performance benchmark tool},
	author={LU, Haitao and REN, Xiang and ZHONG, Weijun and ZHAO, Xin and YIN, Hang},
	journal={Microelectronics \& Computer},
	volume={40},
	number={5},
	pages={75--83},
	year={2023}
}

@book{siever1998perl,
	title={Perl in a Nutshell},
	author={Siever, Ellen and Spainhour, Stephen and Patwardhan, Nathan},
	year={1998},
	publisher={O’Reilly Media, Inc}
}

@book{gough2004introduction,
	title={An Introduction to GCC.},
	author={Gough, Brian J and Stallman, Richard},
	year={2004},
	publisher={Network Theory Limited}
}

@incollection{lobel1999solving,
	title={Solving large-scale multiple-depot vehicle scheduling problems},
	author={L{\"o}bel, Andreas},
	booktitle={Computer-Aided Transit Scheduling: Proceedings, Cambridge, MA, USA, August 1997},
	pages={193--220},
	year={1999},
	publisher={Springer}
}

@incollection{varga2019practical,
	title={A practical introduction to the OMNeT++ simulation framework},
	author={Varga, Andras},
	booktitle={Recent Advances in Network Simulation: The OMNeT++ Environment and its Ecosystem},
	pages={3--51},
	year={2019},
	publisher={Springer}
}

@article{euzenat2002xml,
	title={XML transformation flow processing},
	author={Euzenat, J{\'e}r{\^o}me and Tardif, Laurent},
	journal={Markup Languages Theory and Practice},
	volume={3},
	number={3},
	pages={285--311},
	year={2002}
}

@article{merritt2006x264,
	title={x264: A high performance H. 264/AVC encoder},
	author={Merritt, Loren and Vanam, Rahul},
	journal={online] http://neuron2. net/library/avc/overview\_x264\_v8\_5. pdf},
	year={2006}
}

@article{sandin2021ssdf,
	title={The SSDF Chess Engine Rating List, 2022-01},
	author={Sandin, Lars},
	journal={ICGA Journal},
	volume={43},
	number={4},
	pages={236--239},
	year={2021},
	publisher={IOS Press}
}
@article{choi2022does,
	title={How does AI improve human decision-making? Evidence from the AI-powered Go program},
	author={Choi, Sukwoong and Kim, Namil and Kim, Junsik and Kang, Hyo},
	journal={Evidence from the AI-Powered Go Program (April 2022). USC Marshall School of Business Research Paper Sponsored by iORB, No. Forthcoming},
	year={2022}
}

@article{10.1145/1124708.1124709,
	author = {Metcalf, Michael},
	title = {A Sudoku program in Fortran 95},
	year = {2006},
	issue_date = {April 2006},
	publisher = {Association for Computing Machinery},
	address = {New York, NY, USA},
	volume = {25},
	number = {1},
	issn = {1061-7264},
	url = {https://doi.org/10.1145/1124708.1124709},
	doi = {10.1145/1124708.1124709},
	abstract = {A remarkable craze swept though many countries in the year 2005. Already known and popular in Japan, sudoku was introduced into the UK and thence into other European countries and the USA. Its rules are simple. Given a 9 x 9 grid with some numbers already in place, the solver has to fill in the missing values such that, in each row, each column and each 3 x 3 box, the digits 1 to 9 appear once and once only. The starting digits in this example are arranged symmetrically, which is merely a matter of taste. However, it is widely accepted that a properly formed puzzle has a unique solution and that it can thus be solved, without having to make any guesses, by pure logic.An excellent source of further details is the Wikipedia article at http://en.wikipedia.org/wiki/Sudoku},
	journal = {SIGPLAN Fortran Forum},
	month = {apr},
	pages = {4–7},
	numpages = {4}
}

@article{koranne2011compression,
	title={Compression Engines},
	author={Koranne, Sandeep and Koranne, Sandeep},
	journal={Handbook of Open Source Tools},
	pages={155--164},
	year={2011},
	publisher={Springer}
}

@article{cliffFlagged,
	title={Over 2000 SPEC CPU 2017 Results Flagged for Compiler Optimization},
	author={Robinson, Cliff},
	journal={ServeTheHome},
	year={2024},
}


@PROCEEDINGS{Proceedings,
  title        = {The title of the work},
  year         = {1993},
  editor       = {Peter Kidwelly},
  volume       = {4},
  series       = {5},
  address      = {The address of the publisher},
  month        = {7},
  organization = {The organization},
  publisher    = {The name of the publisher},
  note         = {An optional note},
  language     = {english}
}

@TECHREPORT{Techreport,
  author       = {Peter Lambert},
  title        = {The title of the work},
  institution  = {The institution that published},
  year         = {1993},
  number       = {2},
  address      = {The address of the publisher},
  month        = {7},
  note         = {An optional note},
  language     = {english}
}

@UNPUBLISHED{Unpublished,
  author       = {Peter Marcheford},
  title        = {The title of the work},
  note         = {An optional note},
  month        = {7},
  year         = {1993},
  language     = {english}
}

%%% Реальные примеры

% Инициалы должны быть записаны после запятой, с точками, через пробел
% http://www.kit-e.ru/articles/elcomp/2006_12_124.php
% Подчёркивания в ссылке приходится экранировать
% http://www.kit-e.ru/articles/elcomp/2006\_12\_124.php
@online{medvedev2006jelektronnye,
  title={Электронные компоненты и монтажные подложки},
  author={Медведев, А. М.},
  journal={Компоненты и технологии},
  number={12},
  pages={124--134},
  year={2006},
  medium={Электронный ресурс},
  url = {http://www.kit-e.ru/articles/elcomp/2006\_12\_124.php},
  urldate = {19.01.2015},
  language = {russian}
}

% Real example
% & в названии журнала надо экранировать
% 10.1002/1521-4125(200007)23:7<581::AID-CEAT581>3.0.CO;2-P
% < > в ссылке приходится экранировать %3C и %3E, а потом ещё знаки процента в них экранировать
% 10.1002/1521-4125(200007)23:7%3C581::AID-CEAT581%3E3.0.CO;2-P
% 10.1002/1521-4125(200007)23:7\%3C581::AID-CEAT581\%3E3.0.CO;2-P
% url не нужен. если запись о бумажной публикации
@article {CEAT:CEAT581,
  author = {Deiters, U. K.},
  title = {A Modular Program System for the Calculation of Thermodynamic Properties of Fluids},
  journal = {Chemical Engineering \& Technology},
  volume = {23},
  number = {7},
  publisher = {WILEY-VCH Verlag},
  issn = {1521-4125},
  doi = {10.1002/1521-4125(200007)23:7<581::AID-CEAT581>3.0.CO;2-P},
  pages = {581--584},
  year = {2000},
  language = {english}
}

% Real with  4 authors
@article{doi:10.1080/01932691.2010.513279,
  author = {Young-Sang Cho and Young Kuk Kim and Kook Chae Chung and Chul Jin Choi },
  title = {Deformation of Colloidal Crystals for Photonic Band Gap Tuning},
  journal = {Journal of Dispersion Science and Technology},
  volume = {32},
  number = {10},
  pages = {1408-1415},
  year = {2011},
  doi = {10.1080/01932691.2010.513279},
  language = {english}
}

% doi with (), author with umlaut or other unicode or specific symbols, 9 authors
% latex don't like Gösele1999161 in ref
% Умляуты в авторах понимаются из-за поддержки в юникодной странице pdflatex и xelatex
% Иллюстрация того, что будет. если на английской записи будут поставлена пометка, что язык русский
@article{Gosele1999161,
  title = "Wafer bonding for microsystems technologies",
  journal = "Sensors and Actuators A: Physical",
  volume = "74",
  number = "1–3",
  pages = "161 - 168",
  year = "1999",
  issn = "0924-4247",
  doi = "10.1016/S0924-4247(98)00310-0",
  author = "Gösele, U. and Tong, Q.-Y. and Schumacher, A. and Kräuter, G. and Reiche, M. and Plößl, A. and Kopperschmidt, P. and Lee, T.-H. and Kim, W.-J.",
  keywords = "Wafer bonding",
  keywords = "Fusion bonding",
  keywords = "Pressure sensors",
  keywords = "Interface reactions",
  keywords = "Hydrophilic bonding",
  keywords = "Hydrophobic bonding",
  language = {russian}
}

% Real example (from Google or Springer)
% unmodified styles don't know %language = {English}
% язык писать с маленьких
% иллюстрация incollection
% 10.1007/0-387-32989-7_45
% Подчёркивания в DOI приходится экранировать
% 10.1007/0-387-32989-7\_45
@incollection{Li2007StressAnalysis,
  year={2007},
  isbn={978-0-387-27974-9},
  booktitle={Micro- and Opto-Electronic Materials and Structures: Physics, Mechanics, Design, Reliability, Packaging},
  editor={Suhir, E. and Lee, Y. C. and Wong, C. P.},
  doi={10.1007/0-387-32989-7_45},
  title={Stress Analysis for Processed Silicon Wafers and Packaged Micro-devices},
  publisher={Springer US},
  author={Li, Li and Guo, Yifan and Zheng, Dawei},
  pages={B677-B709},
  language={english}
}

% Real, β sign
% inputenc don't know β sign %aluminosilicate-β-quartz
% Знаки типа β, которые не знает таблица кодировки, с которой работает компилятор нужно заменять на latex команды
% doi должен быть без http://dx.doi.org/
@article{Shoji199895,
title = "Low-temperature anodic bonding using lithium aluminosilicate-\(\beta\)-quartz glass ceramic",
journal = "Sensors and Actuators A: Physical",
volume = "64",
number = "1",
pages = "95 - 100",
year = "1998",
note = "Tenth {IEEE} International Workshop on Micro Electro Mechanical Systems ",
issn = "0924-4247",
doi = "10.1016/S0924-4247(97)01659-2",
author = {Shuichi Shoji and Hiroto Kikuchi and Hirotaka Torigoe},
keywords = "Anodic bonding",
keywords = "Low-temperature bonding",
keywords = "Micro assembly",
keywords = "Micro package",
keywords = "Glass ceramic",
}


% from urlbst package
% Example from Jason Eisner, by mail (nothing special about the entry,
% but he seemed to be having formatting problems with unsrturl and proceedings
% entries.
% http://cs.jhu.edu/~jason/papers/#icassp07
@InProceedings{test:eisner-sample,
  author =       {Damianos Karakos and Sanjeev Khudanpur and Jason
                  Eisner and Carey~E. Priebe},
  title =        {Iterative denoising using {J}ensen-{R}enyi
                  divergences with an application to unsupervised
                  document categorization},
  booktitle =    {Proceedings of ICASSP},
  year =         2007,
  url =          {http://cs.jhu.edu/~jason/papers/\#icassp07}
}

@InProceedings{test:eisner-sample-shorted,
  author =       {Damianos Karakos and Sanjeev Khudanpur and Jason
                  Eisner and Carey~E. Priebe},
  title =        {Iterative denoising using {J}ensen-{R}enyi
                  divergences with an application to unsupervised
                  document categorization},
  booktitle =    {Proceedings of ICASSP},
  shortbooktitle = {Proc. of ICASSP},
  year =         2007,
  url =          {http://cs.jhu.edu/~jason/papers/\#icassp07}
}

% Попытка записать патент имеющимися средствами
@Book{iofis_patent1960,
  title                    = {Способ пайки керамики с~керамикой и~стекла с~металлом : а.\,с.~126728 СССР},
  author                   = {Иофис, Н. А.},
  year                     = {1960},
  numpages                 = {Бюл. № 5.~1},
  language                 = {russian}
}

% Попытка записать патент имеющимися средствами
@Book{AB_patent_Pomerantz_1968,
  title                    = {Anodic bonding : patent no. 3397278 US},
  author                   = {Pomerantz, D. I.},
  year                     = {1968},
  language                 = {english}
}

% !!! этот пример НЕ работает с bibtex
% Примеры оформления патентов из пакета https://www.ctan.org/pkg/biblatex-gost
@Patent{patent2h,
  heading =      {Заявка 1095735 Рос. федерация, МПК\ensuremath{^7} B 64 G 1/00},
  author =       {Тернер, Э. В.},
  authortype =   {США},
  title =        {Одноразовая ракета-носитель},
  media =        {text},
  holder =       {{заявитель Спейс Системз/Лорал, инк.}},
  credits =      {патент. поверенный Егорова Г. Б.},
  reqnumber =    {2000108705/28},
  date =         {2000-04-07},
  publdate =     {2001-03-10},
  publication =  {Бюл. № 7 (I ч.)\midsentence},
  prdate =       {1999-04-09},
  prnumber =     {09/289, 037},
  prcountry =    {countryus},
  pagetotal =    {5 с.~: ил.},
  language =     {russian},
}

@Patent{patent3h,
  heading =      {А. с. 1007970 СССР, МКИ\ensuremath{^3} В 25.1 15/00},
  author =       {В. С. Ваулин and В. Г. Кемайкин},
  authortype =   {СССР},
  title =        {Устройство для захвата неориентированных деталей типа валов},
  media =        {text},
  reqnumber =    {3360585/25-08},
  date =         {1981-11-23},
  publication =  {Бюл. № 12},
  publdate =     {1983-03-30},
  pagetotal =    {2 с.~: ил.},
  language =     {russian},
}

@Patent{patent2,
  author =       {Тернер, Э. В.},
  authortype =   {США},
  title =        {Одноразовая ракета-носитель},
  media =        {text},
  type =         {patreq},
  number =       1095735,
  location =     {countryru},
  ipc =          {МПК\ensuremath{^7} B 64 G 1/00},
  holder =       {{заявитель Спейс Системз/Лорал, инк.}},
  credits =      {патент. поверенный Егорова Г. Б.},
  reqnumber =    {2000108705/28},
  date =         {2000-04-07},
  publdate =     {2001-03-10},
  publication =  {Бюл. № 7 (I ч.)\midsentence},
  prioritydate = {1999-04-09},
  prioritynumber ={09/289, 037},
  prioritycountry ={countryus},
  pagetotal =    {5 с.~: ил.},
  language =     {russian},
}

%%% Использование дополнительных опций biblatex

@Book{sobenin_kdv,
  author =       {О. А. Вальднер and Н. П. Собенин and Б. В. Зверев and И. С. Щедрин},
  options =      {maxnames=4},
  title =        {Диафрагмированные волноводы},
  subtitle =     {Справочник},
  publisher =    {Энергоатомиздат},
  edition =      3,
  year =         1991,
  pagetotal =    280,
  location =     {М.},
  language =     {russian},
  isbn =         {5-283-03960-9},
}

@InProceedings{initials,
  author =       {Ya.Yu. Ivanov},
  title =        {Stabilization of the initials in the bibliography entries},
  booktitle =    {Proc. of {IPAC'10}},
  options =      {giveninits=false},
  pages =        {1234 -- 4321},
  language =     {english},
  venue =        {Kyoto, Japan},
  publisher =    {JACoW Publishing},
  location =     {Geneva},
  month =        5,
  year =         2010,
}
